<?xml version="1.0" encoding="UTF-8"?><collection xmlns="http://www.loc.gov/MARC21/slim"><record><leader>00484nam--2200121-i-4500</leader><controlfield tag="001">000023788</controlfield><controlfield tag="002">20161230</controlfield><controlfield tag="005">20161230201035</controlfield><controlfield tag="008">060222s1000------------r-----000-0-eng-d</controlfield><datafield ind1=" " ind2=" " tag="080"><subfield code="a">624:621.039.5</subfield></datafield><datafield ind1=" " ind2=" " tag="245"><subfield code="a">Jahrbuch der dampferzeugungstechnik 2.ausgabe 1972/73. herausgegenen unter mitwirkung der technische vereinigung der grosskraftwerksbetreiber e v., (vgb), behalter-und rohrleitungsbau e.v(fdbr), dusseldorf</subfield></datafield><datafield ind1=" " ind2=" " tag="260"><subfield code="a">Essen, Vulkan Dr.W.Classen, 1972, Ixx + 431p</subfield></datafield><datafield ind1=" " ind2=" " tag="852"><subfield code="a">45998</subfield></datafield></record></collection>